<record><leader>00000cas a22000007a 4500</leader><controlfield tag="001">23858685</controlfield><controlfield tag="008">910530d1912191uncuwr ne      0    0eng d</controlfield><datafield ind1=" " ind2=" " tag="010"><subfield code="a">sn 91068200 </subfield></datafield><datafield ind1=" " ind2=" " tag="040"><subfield code="a">NVJ</subfield><subfield code="b">eng</subfield><subfield code="c">NVJ</subfield><subfield code="d">OCLCQ</subfield></datafield><datafield ind1=" " ind2=" " tag="042"><subfield code="a">msc</subfield></datafield><datafield ind1="0" ind2=" " tag="130"><subfield code="a">Albemarle enterprise (Albemarle, N.C. : 1912)</subfield></datafield><datafield ind1="1" ind2="4" tag="245"><subfield code="a">The Albemarle enterprise.</subfield></datafield><datafield ind1=" " ind2=" " tag="260"><subfield code="a">Albemarle, N.C. :</subfield><subfield code="b">J.D. Bivins</subfield></datafield><datafield ind1=" " ind2=" " tag="300"><subfield code="a">v.</subfield></datafield><datafield ind1=" " ind2=" " tag="310"><subfield code="a">Weekly</subfield></datafield><datafield ind1="1" ind2=" " tag="362"><subfield code="a">Began in 1912?</subfield></datafield><datafield ind1=" " ind2=" " tag="588"><subfield code="a">Description based on: Vol. 20, no. 44 (Sept. 19, 1912).</subfield></datafield><datafield ind1=" " ind2=" " tag="752"><subfield code="a">United States</subfield><subfield code="b">North Carolina</subfield><subfield code="c">Stanly</subfield><subfield code="d">Albemarle.</subfield></datafield><datafield ind1="0" ind2="0" tag="780"><subfield code="t">Stanly enterprise</subfield><subfield code="w">(DLC)sn 91068198</subfield></datafield><datafield ind1="0" ind2="0" tag="785"><subfield code="t">Enterprise (Albemarle, N.C.)</subfield><subfield code="w">(DLC)sn 91068195</subfield></datafield></record>